<?xml version="1.0" encoding="UTF-8" standalone="no"?>
<Document xmlns="urn:iso:std:iso:20022:tech:xsd:pain.001.001.03" xmlns:xsi="http://www.w3.org/2001/XMLSchema-instance">
  <CstmrCdtTrfInitn>
    <GrpHdr>
      <MsgId>Pagamento de Stock</MsgId>
      <CreDtTm>2024-01-26T19:43:59.08466180</CreDtTm>
      <NbOfTxs>1</NbOfTxs>
      <CtrlSum>52.632</CtrlSum>
      <InitgPty>
        <Nm>Feira&amp;Stock</Nm>
        <PstlAdr>
          <StrtNm>ruarua,128</StrtNm>
          <PstCd>4445-037</PstCd>
          <TwnNm>Ermesinde</TwnNm>
          <Ctry>PT</Ctry>
        </PstlAdr>
      </InitgPty>
    </GrpHdr>
    <PmtInf>
      <PmtInfId>F&amp;S/91</PmtInfId>
      <PmtMtd>CHK</PmtMtd>
      <BtchBookg>false</BtchBookg>
      <ReqdExctnDt>2024-01-26T19:43:59.084661800</ReqdExctnDt>
      <Dbtr>
        <Nm>Feira&amp;Stock</Nm>
        <PstlAdr>
          <StrtNm>ruarua,128</StrtNm>
          <PstCd>4445-037</PstCd>
          <TwnNm>Ermesinde</TwnNm>
          <Ctry>PT</Ctry>
        </PstlAdr>
      </Dbtr>
      <DbtrAcct>
        <Id>
          <IBAN>PT50002700000001234567833</IBAN>
        </Id>
      </DbtrAcct>
      <DbtrAgt>
        <FinInstnId>
          <BIC>CGDIPTPL</BIC>
        </FinInstnId>
      </DbtrAgt>
      <CdtTrfTxInf>
        <PmtId>
          <InstrId>F&amp;S52/68</InstrId>
          <EndToEndId>F&amp;S68/52</EndToEndId>
        </PmtId>
        <Amt>
          <InstdAmt Ccy="GBP">61.75</InstdAmt>
        </Amt>
        <CdtrAgt>
          <FinInstnId>
            <BIC>BBVAPTPA</BIC>
          </FinInstnId>
        </CdtrAgt>
        <Cdtr>
          <Nm>roberto</Nm>
          <PstlAdr>
            <StrtNm>ruarua,roberto</StrtNm>
            <PstCd>4444-322</PstCd>
            <TwnNm>poro</TwnNm>
            <Ctry>PT</Ctry>
          </PstlAdr>
        </Cdtr>
        <CdtrAcct>
          <Id>
            <IBAN>PT6012345678912345678901</IBAN>
          </Id>
        </CdtrAcct>
        <RmtInf>
          <Strd>
            <RfrdDocInf>
              <Nb>F&amp;S/91</Nb>
              <RltdDt>2024-02-26T19:43:59.084661800</RltdDt>
            </RfrdDocInf>
          </Strd>
        </RmtInf>
      </CdtTrfTxInf>
    </PmtInf>
  </CstmrCdtTrfInitn>
</Document>
