<?xml version="1.0" encoding="UTF-8" standalone="no"?>
<Document xmlns="urn:iso:std:iso:20022:tech:xsd:pain.008.001.02" xmlns:xsi="http://www.w3.org/2001/XMLSchema-instance">
  <CstmrDrctDbtInitn>
    <GrpHdr>
      <MsgId>Pagamento</MsgId>
      <CreDtTm>2024-01-23T21:45:14.60115130</CreDtTm>
      <NbOfTxs>2</NbOfTxs>
      <CtrlSum>122.0</CtrlSum>
      <InitgPty>
        <Nm>Feira&amp;Stock</Nm>
        <PstlAdr>
          <StrtNm/>
          <PstCd>4445-037</PstCd>
          <TwnNm>Ermesinde</TwnNm>
          <Ctry>PT</Ctry>
        </PstlAdr>
      </InitgPty>
    </GrpHdr>
    <PmtInf>
      <PmtInfId>F&amp;S/74</PmtInfId>
      <PmtMtd>DD</PmtMtd>
      <BtchBookg>false</BtchBookg>
      <ReqdColltnDt>2024-02-23T21:45:14.601151300</ReqdColltnDt>
      <Cdtr>
        <Nm>Feira&amp;Stock</Nm>
        <PstlAdr>
          <StrtNm>null,128</StrtNm>
          <PstCd>4445-037</PstCd>
          <TwnNm>Ermesinde</TwnNm>
          <Ctry>PT</Ctry>
        </PstlAdr>
      </Cdtr>
      <CdtrAcct>
        <Id>
          <IBAN>PT50002700000001234567833</IBAN>
        </Id>
      </CdtrAcct>
      <CdtrAgt>
        <FinInstnId>
          <BIC>CGDIPTPL</BIC>
        </FinInstnId>
      </CdtrAgt>
      <DrctDbtTxInf>
        <PmtId>
          <InstrId>F&amp;S52/12</InstrId>
          <EndToEndId>F&amp;S12/52</EndToEndId>
        </PmtId>
        <PmtTpInf>
          <SvcLvl>
            <Prtry>Feira&amp;Stock</Prtry>
          </SvcLvl>
          <SeqTp>RCUR</SeqTp>
        </PmtTpInf>
        <InstdAmt Ccy="EUR">122.00</InstdAmt>
        <ChrgBr>SHAR</ChrgBr>
        <DrctDbtTx>
          <MndtRltdInf>
            <MndtId>F&amp;S123</MndtId>
            <DtOfSgntr>2024-01-23T21:45:14.601151300</DtOfSgntr>
            <FnlColltnDt>2024-02-23T21:45:14.601151300</FnlColltnDt>
            <Frqcy>MNTH</Frqcy>
          </MndtRltdInf>
        </DrctDbtTx>
        <DbtrAgt>
          <FinInstnId>
            <BIC>BBPIPTPL</BIC>
          </FinInstnId>
        </DbtrAgt>
        <Dbtr>
          <Nm>Papel do Porto</Nm>
          <PstlAdr>
            <StrtNm/>
            <BldgNb>nº1</BldgNb>
            <PstCd>11PT920</PstCd>
            <TwnNm>Porto</TwnNm>
            <Ctry>PT</Ctry>
          </PstlAdr>
        </Dbtr>
        <DbtrAcct>
          <Id>
            <IBAN>PT500010723333126321235325</IBAN>
          </Id>
        </DbtrAcct>
        <Purp>
          <Cd>SUPP</Cd>
        </Purp>
        <RmtInf>
          <Ustrd>Pagamento</Ustrd>
        </RmtInf>
      </DrctDbtTxInf>
      <DrctDbtTxInf>
        <PmtId>
          <InstrId>F&amp;S52/12</InstrId>
          <EndToEndId>F&amp;S12/52</EndToEndId>
        </PmtId>
        <PmtTpInf>
          <SvcLvl>
            <Prtry>Feira&amp;Stock</Prtry>
          </SvcLvl>
          <SeqTp>RCUR</SeqTp>
        </PmtTpInf>
        <InstdAmt Ccy="EUR">122.00</InstdAmt>
        <ChrgBr>SHAR</ChrgBr>
        <DrctDbtTx>
          <MndtRltdInf>
            <MndtId>F&amp;S123</MndtId>
            <DtOfSgntr>2024-01-23T21:45:14.601151300</DtOfSgntr>
            <FnlColltnDt>2024-02-23T21:45:14.601151300</FnlColltnDt>
            <Frqcy>MNTH</Frqcy>
          </MndtRltdInf>
        </DrctDbtTx>
        <DbtrAgt>
          <FinInstnId>
            <BIC>BBPIPTPL</BIC>
          </FinInstnId>
        </DbtrAgt>
        <Dbtr>
          <Nm>Papel do Porto</Nm>
          <PstlAdr>
            <StrtNm/>
            <BldgNb>nº1</BldgNb>
            <PstCd>11PT920</PstCd>
            <TwnNm>Porto</TwnNm>
            <Ctry>PT</Ctry>
          </PstlAdr>
        </Dbtr>
        <DbtrAcct>
          <Id>
            <IBAN>PT500010723333126321235325</IBAN>
          </Id>
        </DbtrAcct>
        <Purp>
          <Cd>SUPP</Cd>
        </Purp>
        <RmtInf>
          <Ustrd>Pagamento</Ustrd>
        </RmtInf>
      </DrctDbtTxInf>
    </PmtInf>
  </CstmrDrctDbtInitn>
</Document>
