<?xml version="1.0" encoding="UTF-8" standalone="no"?>
<Document xmlns="urn:iso:std:iso:20022:tech:xsd:pain.008.001.02" xmlns:xsi="http://www.w3.org/2001/XMLSchema-instance">
  <CstmrDrctDbtInitn>
    <GrpHdr>
      <MsgId>Pagamento</MsgId>
      <CreDtTm>2024-01-23T22:36:46.89670990</CreDtTm>
      <NbOfTxs>2</NbOfTxs>
      <CtrlSum>122.2</CtrlSum>
      <InitgPty>
        <Nm>Feira&amp;Stock</Nm>
        <PstlAdr>
          <StrtNm>Rua da Alegria</StrtNm>
          <PstCd>4445-037</PstCd>
          <TwnNm>Ermesinde</TwnNm>
          <Ctry>PT</Ctry>
        </PstlAdr>
      </InitgPty>
    </GrpHdr>
    <PmtInf>
      <PmtInfId>F&amp;S/85</PmtInfId>
      <PmtMtd>DD</PmtMtd>
      <BtchBookg>false</BtchBookg>
      <ReqdColltnDt>2024-02-23T22:36:46.896709900</ReqdColltnDt>
      <Cdtr>
        <Nm>Feira&amp;Stock</Nm>
        <PstlAdr>
          <StrtNm>Rua da Alegria,128</StrtNm>
          <PstCd>4445-037</PstCd>
          <TwnNm>Ermesinde</TwnNm>
          <Ctry>PT</Ctry>
        </PstlAdr>
      </Cdtr>
      <CdtrAcct>
        <Id>
          <IBAN>PT50002700000001234567833</IBAN>
        </Id>
      </CdtrAcct>
      <CdtrAgt>
        <FinInstnId>
          <BIC>CGDIPTPL</BIC>
        </FinInstnId>
      </CdtrAgt>
      <DrctDbtTxInf>
        <PmtId>
          <InstrId>F&amp;S52/68</InstrId>
          <EndToEndId>F&amp;S68/52</EndToEndId>
        </PmtId>
        <PmtTpInf>
          <SvcLvl>
            <Prtry>Feira&amp;Stock</Prtry>
          </SvcLvl>
          <SeqTp>RCUR</SeqTp>
        </PmtTpInf>
        <InstdAmt Ccy="EUR">61.5</InstdAmt>
        <ChrgBr>SHAR</ChrgBr>
        <DrctDbtTx>
          <MndtRltdInf>
            <MndtId>F&amp;S123</MndtId>
            <DtOfSgntr>2024-01-23T22:36:46.896709900</DtOfSgntr>
            <FnlColltnDt>2024-02-23T22:36:46.896709900</FnlColltnDt>
            <Frqcy>MNTH</Frqcy>
          </MndtRltdInf>
        </DrctDbtTx>
        <DbtrAgt>
          <FinInstnId>
            <BIC>BBVAPTPA</BIC>
          </FinInstnId>
        </DbtrAgt>
        <Dbtr>
          <Nm>roberto</Nm>
          <PstlAdr>
            <StrtNm>ruarua</StrtNm>
            <BldgNb>roberto</BldgNb>
            <PstCd>PT92212</PstCd>
            <TwnNm>poro</TwnNm>
            <Ctry>PT</Ctry>
          </PstlAdr>
        </Dbtr>
        <DbtrAcct>
          <Id>
            <IBAN>PT6012345678912345678901</IBAN>
          </Id>
        </DbtrAcct>
        <Purp>
          <Cd>SUPP</Cd>
        </Purp>
        <RmtInf>
          <Ustrd>Pagamento</Ustrd>
        </RmtInf>
      </DrctDbtTxInf>
      <DrctDbtTxInf>
        <PmtId>
          <InstrId>F&amp;S52/68</InstrId>
          <EndToEndId>F&amp;S68/52</EndToEndId>
        </PmtId>
        <PmtTpInf>
          <SvcLvl>
            <Prtry>Feira&amp;Stock</Prtry>
          </SvcLvl>
          <SeqTp>RCUR</SeqTp>
        </PmtTpInf>
        <InstdAmt Ccy="EUR">61.75</InstdAmt>
        <ChrgBr>SHAR</ChrgBr>
        <DrctDbtTx>
          <MndtRltdInf>
            <MndtId>F&amp;S123</MndtId>
            <DtOfSgntr>2024-01-23T22:36:46.896709900</DtOfSgntr>
            <FnlColltnDt>2024-02-23T22:36:46.896709900</FnlColltnDt>
            <Frqcy>MNTH</Frqcy>
          </MndtRltdInf>
        </DrctDbtTx>
        <DbtrAgt>
          <FinInstnId>
            <BIC>BBVAPTPA</BIC>
          </FinInstnId>
        </DbtrAgt>
        <Dbtr>
          <Nm>roberto</Nm>
          <PstlAdr>
            <StrtNm>Rua da Alegria</StrtNm>
            <BldgNb>roberto</BldgNb>
            <PstCd>PT92212</PstCd>
            <TwnNm>poro</TwnNm>
            <Ctry>PT</Ctry>
          </PstlAdr>
        </Dbtr>
        <DbtrAcct>
          <Id>
            <IBAN>PT6012345678912345678901</IBAN>
          </Id>
        </DbtrAcct>
        <Purp>
          <Cd>SUPP</Cd>
        </Purp>
        <RmtInf>
          <Ustrd>Pagamento</Ustrd>
        </RmtInf>
      </DrctDbtTxInf>
    </PmtInf>
  </CstmrDrctDbtInitn>
</Document>
